@inproceedings{delmerico2018benchmark,
  title={A benchmark comparison of monocular visual-inertial odometry algorithms for flying robots},
  author={Delmerico, Jeffrey and Scaramuzza, Davide},
  booktitle={2018 IEEE International Conference on Robotics and Automation (ICRA)},
  pages={2502--2509},
  year={2018},
  organization={IEEE}
}

@article{lupton2011visual,
  title={Visual-inertial-aided navigation for high-dynamic motion in built environments without initial conditions},
  author={Lupton, Todd and Sukkarieh, Salah},
  journal={IEEE Transactions on Robotics},
  volume={28},
  number={1},
  pages={61--76},
  year={2011},
  publisher={IEEE}
}

@article{forster2016manifold,
  title={On-Manifold Preintegration for Real-Time Visual--Inertial Odometry},
  author={Forster, Christian and Carlone, Luca and Dellaert, Frank and Scaramuzza, Davide},
  journal={IEEE Transactions on Robotics},
  volume={33},
  number={1},
  pages={1--21},
  year={2016},
  publisher={IEEE}
}

@article{qin2018vins,
  title={Vins-mono: A robust and versatile monocular visual-inertial state estimator},
  author={Qin, Tong and Li, Peiliang and Shen, Shaojie},
  journal={IEEE Transactions on Robotics},
  volume={34},
  number={4},
  pages={1004--1020},
  year={2018},
  publisher={IEEE}
}

@article{saeedi2016multiple,
  title={Multiple-robot simultaneous localization and mapping: A review},
  author={Saeedi, Sajad and Trentini, Michael and Seto, Mae and Li, Howard},
  journal={Journal of Field Robotics},
  volume={33},
  number={1},
  pages={3--46},
  year={2016},
  publisher={Wiley Online Library}
}

@article{cadena2016past,
  title={Past, present, and future of simultaneous localization and mapping: Toward the robust-perception age},
  author={Cadena, Cesar and Carlone, Luca and Carrillo, Henry and Latif, Yasir and Scaramuzza, Davide and Neira, Jos{\'e} and Reid, Ian and Leonard, John J},
  journal={IEEE Transactions on robotics},
  volume={32},
  number={6},
  pages={1309--1332},
  year={2016},
  publisher={IEEE}
}

@article{engel2017direct,
  title={Direct sparse odometry},
  author={Engel, Jakob and Koltun, Vladlen and Cremers, Daniel},
  journal={IEEE transactions on pattern analysis and machine intelligence},
  volume={40},
  number={3},
  pages={611--625},
  year={2017},
  publisher={IEEE}
}

@article{prorok2014accurate,
  title={Accurate indoor localization with ultra-wideband using spatial models and collaboration},
  author={Prorok, Amanda and Martinoli, Alcherio},
  journal={The International Journal of Robotics Research},
  volume={33},
  number={4},
  pages={547--568},
  year={2014},
  publisher={SAGE Publications Sage UK: London, England}
}

@inproceedings{wang2017ultra,
  title={Ultra-wideband aided fast localization and mapping system},
  author={Wang, Chen and Zhang, Handuo and Nguyen, Thien-Minh and Xie, Lihua},
  booktitle={2017 IEEE/RSJ International Conference on Intelligent Robots and Systems (IROS)},
  pages={1602--1609},
  year={2017},
  organization={IEEE}
}

@article{shi2019visual,
  title={Visual-UWB Navigation System for Unknown Environments},
  author={Shi, Qin and Cui, Xiaowei and Li, Wei and Xia, Yu and Lu, Mingquan},
  journal={arXiv preprint arXiv:1912.01178},
  year={2019}
}

@article{burri2016euroc,
  title={The EuRoC micro aerial vehicle datasets},
  author={Burri, Michael and Nikolic, Janosch and Gohl, Pascal and Schneider, Thomas and Rehder, Joern and Omari, Sammy and Achtelik, Markus W and Siegwart, Roland},
  journal={The International Journal of Robotics Research},
  volume={35},
  number={10},
  pages={1157--1163},
  year={2016},
  publisher={SAGE Publications Sage UK: London, England}
}

@article{saeedi2016multiple,
  title={Multiple-robot simultaneous localization and mapping: A review},
  author={Saeedi, Sajad and Trentini, Michael and Seto, Mae and Li, Howard},
  journal={Journal of Field Robotics},
  volume={33},
  number={1},
  pages={3--46},
  year={2016},
  publisher={Wiley Online Library}
}

@article{schmuck2019ccm,
  title={CCM-SLAM: Robust and efficient centralized collaborative monocular simultaneous localization and mapping for robotic teams},
  author={Schmuck, Patrik and Chli, Margarita},
  journal={Journal of Field Robotics},
  volume={36},
  number={4},
  pages={763--781},
  year={2019},
  publisher={Wiley Online Library}
}

@article{choudhary2017distributed,
  title={Distributed mapping with privacy and communication constraints: Lightweight algorithms and object-based models},
  author={Choudhary, Siddharth and Carlone, Luca and Nieto, Carlos and Rogers, John and Christensen, Henrik I and Dellaert, Frank},
  journal={The International Journal of Robotics Research},
  volume={36},
  number={12},
  pages={1286--1311},
  year={2017},
  publisher={SAGE Publications Sage UK: London, England}
}

@inproceedings{mangelson2018pairwise,
  title={Pairwise consistent measurement set maximization for robust multi-robot map merging},
  author={Mangelson, Joshua G and Dominic, Derrick and Eustice, Ryan M and Vasudevan, Ram},
  booktitle={2018 IEEE International Conference on Robotics and Automation (ICRA)},
  pages={2916--2923},
  year={2018},
  organization={IEEE}
}

@inproceedings{trawny20093d,
  title={3D relative pose estimation from six distances.},
  author={Trawny, Nikolas and Zhou, Xun S and Roumeliotis, Stergios I},
  booktitle={Robotics: Science and Systems},
  year={2009},
  organization={Citeseer}
}

@article{molina2019unique,
  title={Unique 4-DOF Relative Pose Estimation with Six Distances for UWB/V-SLAM-Based Devices},
  author={Molina Martel, Francisco and Sidorenko, Juri and Bodensteiner, Christoph and Arens, Michael and Hugentobler, Urs},
  journal={Sensors},
  volume={19},
  number={20},
  pages={4366},
  year={2019},
  publisher={Multidisciplinary Digital Publishing Institute}
}
