
@article{MELLINGER96,
  author          = "Mellinger, A. and Vidal, C. R. and Jungen, Ch.",
  title           = "Laser reduced fluorescence study of the carbon-monoxide nd
                  triplet {R}ydberg series-experimental results and multichannel
                  quantum-defect analysis",
  journal         = "J. Chem. Phys.",
  pages           = "8913-8921",
  volume          = 104,
  number          = 5,
  year            = 1996,
}

@article{SHELL02,
  author          = "Michael Shell",
  title           = "How to Use the {IEEEtran \LaTeX} Class",
  journal         = "Journal of {\LaTeX} Class Files",
  year            = 2002,
  volume          = 12,
  number          = 4,
  pages           = "100--120"
}

@TechReport{NPB2,
  title =        {The {NAS} Parallel Benchmarks 2.0},
  author =       {Alex Woo and David Bailey and Maurice Yarrow and Wijngaart
                  Wijngaart and Tim Harris and William Saphir},
  year =         1995,
  month =        dec # "~05",
  institution =  "The Pennsylvania State University CiteSeer Archives",
  url =          "http://www.nasa.org/"
}

@inproceedings{DPMG,
  author          = {Kim, Sangbum and Woo, Namyoon and Yeom, Heon Y. and Park,
                  Taesoon and Park, Hyoungwoo},
  title           = {Design and {I}mplementation of {D}ynamic {P}rocess
                  {M}anagement for {G}rid-enabled {MPICH}},
  booktitle       = {the 10th European PVM/MPI Users' Group Conference},
  editor          = {Jack Dongarra and Domenico Laforenza and Salvatore Orlando},
  publisher       = {Springer-Verlag},
  year            = 2003,
  address         = {Venice, Italy},
  month           = sep,
}

@inproceedings{cnproceed,
  author          = {王重阳 and 黄药师 and 欧阳峰 and 洪七公 and 段皇帝},
  publisher       = {金大庸},
  title           = {武林高手从入门到精通},
  booktitle       = {第~$N$~次华山论剑},
  year            = 2006,
  address         = {西安, 中国},
  month           = sep,
}

@article{cnarticle,
  author          = "贾宝玉 and 林黛玉 and 薛宝钗 and 贾探春",
  title           = "论刘姥姥食量大如牛之现实意义",
  journal         = "红楼梦杂谈",
  pages           = "260--266",
  volume          = 224,
  year            = 1800,
}

@mastersthesis{zhubajie,
  author =       {猪八戒},
  title =        {论流体食物的持久保存},
  school =       {广寒宫大学},
  year =         2005,
  address =      {北京},
}

@phdthesis{shaheshang,
  author =       {沙和尚},
  title =        {论流沙河的综合治理},
  school =       {清华大学},
  year =         2005,
  address =      {北京},
}

@mastersthesis{metamori2004,
  author =       {Ashwin Raju Jeyakumar},
  title =        {Metamori: A library for Incremental File Checkpointing},
  school =       {Virgina Tech},
  year =         2004,
  month =        jun # "~21",
  address =      {Blacksburg},
}

@phdthesis{FistSystem01,
  author =       "Erez Zadok",
  title =        "{FiST: A System for Stackable File System Code Generation}",
  year =         2001,
  month =        "May",
  school =       "Computer Science Department, Columbia University",
  address =      "USA"
}

@inbook{ColdSources,
  author          = {P. Gr{\"o}ning and L. Nilsson and P. Ruffieux and R.
                  Clergereaux and O. Gr{\"o}ning},
  title           = {Encyclopedia of Nanoscience and Nanotechnology},
  pages           = {547--579},
  publisher       = {American Scientific Publishers},
  year            = 2004,
  volume          = 1,
  address         = {USA},
}

@online{chuban2001,
  author          = {萧钰},
  title           = {出版业信息化迈入快车道},
  date            = {2001-12-19},
  urldate         = {2002-04-15},
  url             = {http://www.creader.com/news/200112190019.htm},
}

@online{oclc2000,
  author          = {{Online Computer Library Center, Inc.}},
  title           = {History of {OCLC}},
  year            = 2000,
  urldate         = {2000-01-08},
  url             = {http://www.oclc.org/about/history/default.htm},
}

@online{thuthesis,
  author          = {薛瑞尼},
  title           = {ThuThesis: 清华大学学位论文模板},
  urldate         = {2019-04-27},
  url             = {https://github.com/xueruini/thuthesis},
  year            = 2017,
}

@article{kannala2006generic,
  title={A generic camera model and calibration method for conventional, wide-angle, and fish-eye lenses},
  author={Kannala, Juho and Brandt, Sami S},
  journal={IEEE transactions on pattern analysis and machine intelligence},
  volume={28},
  number={8},
  pages={1335--1340},
  year={2006},
  publisher={IEEE}
}

@misc{toyota_hsr,
  title = {Toyota Shifts Home Helper Robot R\&D into High Gear with New Developer Community and Upgraded Prototype},
  howpublished = {\url{https://global.toyota/en/detail/8709541/}},
  note = {Accessed: 2015-07-16}
}

@article{pandey2018mass,
  title={A mass-produced sociable humanoid robot: pepper: the first machine of its kind},
  author={Pandey, Amit Kumar and Gelin, Rodolphe},
  journal={IEEE Robotics \& Automation Magazine},
  volume={25},
  number={3},
  pages={40--48},
  year={2018},
  publisher={IEEE}
}

@misc{savage2013pumas,
  title={Pumas@ home 2013 team description paper},
  author={Savage, Jesus and Negrete, Marco and Matamoros, Mauricio and Cruz, Julio and Contreras, Luis and Pacheco, Abel and Figueroa, Israel and M{\'a}rquez, Jaime},
  year={2013},
  publisher={RoboCup}
}

@inproceedings{memmesheimer2017homer,
  title={homer@ UniKoblenz: winning team of the RoboCup@ Home open platform league 2017},
  author={Memmesheimer, Raphael and Seib, Vikor and Paulus, Dietrich},
  booktitle={Robot World Cup},
  pages={509--520},
  year={2017},
  organization={Springer}
}

@article{fabre2018catie,
  title={CATIE Robotics@ Home 2019 Team Description Paper},
  author={FABRE, R{\'e}mi and ALBAR, Boris and DUSSIEUX, Cl{\'e}ment and JOFFROY, Ludwig and LI, Zhe and PINET, Cl{\'e}ment and SIMEON, Jennifer and LOTY, S{\'e}bastien},
  year={2018}
}

@article{wisspeintner2009robocup,
  title={RoboCup@ Home: Scientific competition and benchmarking for domestic service robots},
  author={Wisspeintner, Thomas and Van Der Zant, Tijn and Iocchi, Luca and Schiffer, Stefan},
  journal={Interaction Studies},
  volume={10},
  number={3},
  pages={392--426},
  year={2009},
  publisher={John Benjamins}
}

@misc{rulebook,
  title = {Rulebook for RoboCup @Home 2019},
  howpublished = {\url{https://github.com/RoboCupAtHome/RuleBook}},
  note = {Accessed: 2020-03-17}
}

@inproceedings{tlale2008kinematics,
  title={Kinematics and dynamics modelling of a mecanum wheeled mobile platform},
  author={Tlale, Nkgatho and de Villiers, Mark},
  booktitle={2008 15th International Conference on Mechatronics and Machine Vision in Practice},
  pages={657--662},
  year={2008},
  organization={IEEE}
}

@inproceedings{lu2014layered,
  title={Layered costmaps for context-sensitive navigation},
  author={Lu, David V and Hershberger, Dave and Smart, William D},
  booktitle={2014 IEEE/RSJ International Conference on Intelligent Robots and Systems},
  pages={709--715},
  year={2014},
  organization={IEEE}
}

@article{deng2012fuzzy,
  title={Fuzzy Dijkstra algorithm for shortest path problem under uncertain environment},
  author={Deng, Yong and Chen, Yuxin and Zhang, Yajuan and Mahadevan, Sankaran},
  journal={Applied Soft Computing},
  volume={12},
  number={3},
  pages={1231--1237},
  year={2012},
  publisher={Elsevier}
}

@article{fox1997dynamic,
  title={The dynamic window approach to collision avoidance},
  author={Fox, Dieter and Burgard, Wolfram and Thrun, Sebastian},
  journal={IEEE Robotics \& Automation Magazine},
  volume={4},
  number={1},
  pages={23--33},
  year={1997},
  publisher={IEEE}
}

@inproceedings{grisettiyz2005improving,
  title={Improving grid-based slam with rao-blackwellized particle filters by adaptive proposals and selective resampling},
  author={Grisettiyz, Giorgio and Stachniss, Cyrill and Burgard, Wolfram},
  booktitle={Proceedings of the 2005 IEEE international conference on robotics and automation},
  pages={2432--2437},
  year={2005},
  organization={IEEE}
}

@inproceedings{fox2002kld,
  title={KLD-sampling: Adaptive particle filters},
  author={Fox, Dieter},
  booktitle={Advances in neural information processing systems},
  pages={713--720},
  year={2002}
}

@inproceedings{hess2016real,
  title={Real-time loop closure in 2D LIDAR SLAM},
  author={Hess, Wolfgang and Kohler, Damon and Rapp, Holger and Andor, Daniel},
  booktitle={2016 IEEE International Conference on Robotics and Automation (ICRA)},
  pages={1271--1278},
  year={2016},
  organization={IEEE}
}

@article{chitta2012moveit,
  title={Moveit![ros topics]},
  author={Chitta, Sachin and Sucan, Ioan and Cousins, Steve},
  journal={IEEE Robotics \& Automation Magazine},
  volume={19},
  number={1},
  pages={18--19},
  year={2012},
  publisher={IEEE}
}

@inproceedings{lamere2003cmu,
  title={The CMU SPHINX-4 speech recognition system},
  author={Lamere, Paul and Kwok, Philip and Gouvea, Evandro and Raj, Bhiksha and Singh, Rita and Walker, William and Warmuth, Manfred and Wolf, Peter},
  booktitle={IEEE Intl. Conf. on Acoustics, Speech and Signal Processing (ICASSP 2003), Hong Kong},
  volume={1},
  pages={2--5},
  year={2003}
}

@inproceedings{povey2011kaldi,
  title={The Kaldi speech recognition toolkit},
  author={Povey, Daniel and Ghoshal, Arnab and Boulianne, Gilles and Burget, Lukas and Glembek, Ondrej and Goel, Nagendra and Hannemann, Mirko and Motlicek, Petr and Qian, Yanmin and Schwarz, Petr and others},
  booktitle={IEEE 2011 workshop on automatic speech recognition and understanding},
  number={CONF},
  year={2011},
  organization={IEEE Signal Processing Society}
}

@article{陈婉莹2017我国手术机器人的管理现状与展望,
  title={我国手术机器人的管理现状与展望},
  author={陈婉莹 and 苏义 and 刘玉秀 and 易学明},
  journal={解放军医院管理杂志},
  volume={24},
  number={12},
  pages={1153},
  year={2017}
}

@article{bostelman2016survey,
  title={Survey of research for performance measurement of mobile manipulators},
  author={Bostelman, Roger and Hong, Tsai and Marvel, Jeremy},
  journal={Journal of Research of the National Institute of Standards and Technology},
  volume={121},
  number={3},
  pages={342--366},
  year={2016},
  publisher={National Institute of Standards and Technology}
}

@book{schneier2015literature,
  title={Literature review of mobile robots for manufacturing},
  author={Schneier, Michael and Schneier, Michael and Bostelman, Roger},
  year={2015},
  publisher={US Department of Commerce, National Institute of Standards and Technology}
}